@article{1,
  author = {Deligne, P},
  title = {Th\'{e}orie de Hodge},
  journal = {Publ. Math. I.H.E.S.},
  volume = {40},
}

@article{2,
  author = {Demazure, M},
  title = {Motifs des vari\'{e}t\'{e}s alg\'{e}briques},
  journal = {S\'{e}m. Bourbaki},
  year = {1969--70},
  pages = {Talk no.~365},
}

@article{3,
  author = {Serre, J-P},
  title = {Analogues k\"{a}hl\'{e}riens de certaines conjectures de Weil},
  journal = {Ann. of Math.},
  volume = {71},
  year = {1960},
  pages = {392--394},
}

@article{4,
  author = {Serre, J-P and Tate, J},
  title = {Good reduction of abelian varieties},
  journal = {Ann. of Math.},
  volume = {88},
  year = {1968},
  pages = {392--517},
}

@article{5,
  author = {Weil, A},
  title = {Number of solutions of equations in finite fields},
  journal = {Bull. Amer. Math. Soc.},
  volume = {55},
  year = {1949},
  pages = {497--508},
}

@book{6,
  author = {Weil, A},
  title = {Introduction \`{a} l'\'{e}tude des vari\'{e}t\'{e}s k\"{a}hl\'{e}riennes},
  publisher = {Hermann},
  year = {1958},
  series = {Act. Sci. et Ind.},
  volume = {1267},
}
