@article{1,
  title = {A real variable restatement of {Riemann's} hypothesis},
  author = {Bercovici, H. and Foias, C.},
  journal = {Israel J. Math.},
  volume = {48},
  year = {1984},
  pages = {57--68},
}

@book{2,
  title = {Banach Spaces of Analytic Functions},
  author = {Hoffman, K.},
  publisher = {Dover, New York},
  year = {1988},
}

@article{3,
  title = {Sur un nouvel et important th\'{e}or\`{e}me de la th\'{e}orie des fonctions},
  author = {Jensen, J.L.W.V.},
  journal = {Acta Math.},
  volume = {22},
  year = {1898--99},
  pages = {359--364},
}

@book{4,
  title = {The Theory of Functions},
  author = {Titchmarsh, E.C.},
  publisher = {Oxford Science Publications},
  year = {1939},
  edition = {2nd},
}

@book{5,
  title = {The Theory of the Riemann Zeta-Function},
  author = {Titchmarsh, E.C.},
  publisher = {Clarendon, Oxford},
  year = {1986},
  edition = {revised by D.R. Heath-Brown},
}

@article{6,
  title = {On an equality equivalent to the Riemann hypothesis},
  author = {Volchkov, V.V.},
  journal = {Ukrainian Math. J.},
  volume = {47},
  year = {1995},
  pages = {491--493},
}

@article{7,
  title = {A note on the Riemann zeta-function},
  author = {Wang, F.T.},
  journal = {Bull. Amer. Math. Soc.},
  volume = {52},
  year = {1946},
  pages = {319--321},
}
