\bibitem{1}
{Atiyah, M.}
\newblock Vector bundles over an elliptic curve.
\newblock {\em Proc. London math. Soc.} \textbf{7} (1957), 414--452.

\bibitem{2}
{Borel, A. and Hirzebruch, F.}
\newblock Characteristic classes and homogeneous spaces, {II}.
\newblock {\em Amer. J. Math.} (to appear).

\bibitem{3}
{Cartan, H. and Eilenberg, S.}
\newblock {\em Homological algebra}, vol.~\textbf{19} of {\em Princeton Math. Series}.
\newblock Princeton University Press, 1956.

\bibitem{4}
{Chevalley, C.}
\newblock La notion de correspondance propre en g\'{e}om\'{e}trie alg\'{e}brique.
\newblock In {\em S\'{e}minaire Bourbaki}, vol.~\textbf{10}.
\newblock (Talk number 152).

\bibitem{5}
{Chow, W.}
\newblock On equivalence classes of cycles in an algebraic variety.
\newblock {\em Ann. Math.} \textbf{64} (1956), 450--479.

\bibitem{6}
{Grothendieck, A.}
\newblock Sur les faisceaux alg\'{e}briques et les faisceaux analytiques
  coh\'{e}rents.
\newblock In {\em S\'{e}minaire H. Cartan}, vol.~9.
\newblock (Talk number 2).

\bibitem{7}
{Grothendieck, A.}
\newblock Sur quelques points d'alg\`{e}bre homologique.
\newblock {\em Tohoku math. J.} \textbf{9} (1957), 119--221.

\bibitem{8}
{Grothendieck, A.}
\newblock La th\'{e}orie des classes de Chern.
\newblock {\em Bull. Soc. math. France} \textbf{86} (1958), 137--154.

\bibitem{9}
{Hirzebruch, F.}
\newblock {\em Neue topologische Methoden in der algebraischen Geometrie}.
\newblock Ergebnisse der Mathematik. Berlin, Springer, 1956.
\newblock neue Folge, Heft~\textbf{9}.

\bibitem{10}
{Samuel, P.}
\newblock Rational equivalence of arbitrary cycles.
\newblock {\em Amer. J. Math.} \textbf{78} (1956), 383--400.

\bibitem{11}
{Chevalley, S.~C.}
\newblock {\em Anneaux de Chow et applications}, vol.~2.
\newblock 1958.

\bibitem{12}
{Serre, J.-P.}
\newblock Faisceaux alg\'{e}briques coh\'{e}rents.
\newblock {\em Ann. Math.} \textbf{61} (1955), 197--279.

\bibitem{13}
{Serre, J.-P.}
\newblock G\'{e}om\'{e}trie alg\'{e}brique et g\'{e}om\'{e}trie analytique.
\newblock {\em Ann. Inst. Fourier, Grenoble} \textbf{6} (1955--1956), 1--42.

\bibitem{14}
{Serre, J.-P.}
\newblock Sur la cohomologie des vari\'{e}t\'{e}s alg\'{e}briques.
\newblock {\em J. Math. pures et appl.} \textbf{36} (1957), 1--16.
