@article{1,
  title = {De quelques aspects de la théorie de Q-variétés différentielles et analytiques},
  author = {Barre, R.},
  journal = {Ann. Inst. Fourier},
  volume = {23},
  year = {1973},
  pages = {227--312},
}

@article{2,
  title = {Manifold schemes and foliations on the 2-torus and the Klein bottle},
  author = {Bouma, L.G. and van Est, W.T.},
  journal = {Proc. Kon. Ned. Akad. v. Wet.},
  volume = {A81},
  year = {1978},
  pages = {313--347},
}

@article{3,
  title = {An analogue of the cross products of $C^*$-algebras},
  author = {Connes, A.},
  journal = {Adv. in Math.},
  volume = {39},
  year = {1981},
  pages = {31--55},
}

@article{4,
  title = {Revêtements et groupe fondamental des espaces différentiels homogènes},
  author = {Donato, P.},
  journal = {Thèse de doctorat d'état, Université de Provence},
  year = {1984},
}

@article{5,
  title = {A cohomology for foliated manifolds},
  author = {Heitsch, J.L.},
  journal = {Comm. Math. Helv.},
  volume = {50},
  year = {1975},
  pages = {197--218},
}

@article{6,
  title = {Classification des fibrés principaux de group $(\mathbb{R},+)$ sur les tores de Denjoy--Poincaré},
  author = {Iglesias, P.},
  journal = {Prépublication CPT 84/P, 1690},
}

@article{7,
  title = {$C^*$-algebras associated with irrational rotations},
  author = {Rieffel, M.A.},
  journal = {Pac. J. Math.},
  volume = {93},
  year = {1981},
  pages = {415--429},
}

@inproceedings{8,
  title = {Groupes différentiels},
  author = {Souriau, J.-M.},
  booktitle = {Differential Geometrical Methods in Mathematical Physics},
  publisher = {Springer Verlag},
  series = {Lect. Notes in Math.},
  volume = {836},
  year = {1981},
  pages = {91--128},
}

@book{9,
  title = {An introduction to number theory},
  author = {Stark, H.M.},
  publisher = {Markham Publish.},
  year = {1970},
}
