@article{1,
  title = {El\'{e}ments de g\'{e}om\'{e}trie alg\'{e}brique},
  author = {Dieudonn\'{e}, J. and Grothendieck, A.},
  journal = {Publications math\'{e}matiques de l'Institut des Hautes Etudes Scientifiques},
  note = {(to appear)},
}

@inproceedings{2,
  title = {The cohomology theory of abstract algebraic varieties},
  booktitle = {International Congress of Mathematicians, 1958, Edinburgh},
  author = {Grothendieck, A},
  note = {(to appear)},
}

@article{3,
   title = {Faisceaux alg\'{e}briques coh\'{e}rents},
   author = {Serre, J.-P.},
   journal = {Annals of Math.},
   volume = {61},
   year = {1955},
   pages = {197--278},
}

@inproceedings{4,
   title = {G\'{e}om\'{e}trie alg\'{e}brique et g\'{e}om\'{e}trie analytique},
   author = {Serre, J.-P.},
   journal = {Ann. Institut Fourier Grenoble},
   volume = {6},
   year = {1956},
   pages = {1--42},
}
