@book{1,
  title = {El\'{e}ments de g\'{e}om\'{e}trie alg\'{e}brique},
  author = {Dieudonn\'{e}, J. and Grothendieck, A.},
  publisher = {Publications math\'{e}matiques de l'Institut des Hautes Etudes Scientifiques},
  note = {(to appear)},
}

@inproceedings{5,
   title = {G\'{e}om\'{e}trie alg\'{e}brique et g\'{e}om\'{e}trie analytique},
   author = {Serre, J.-P.},
   journal = {Ann. Institut Fourier Grenoble},
   volume = {6},
   year = {1956},
   pages = {1--42},
}
