@article{1,
  title = {Technique de descente et th\'{e}or\`{e}mes d'existence en g\'{e}om\'{e}trie alg\'{e}brique, I: G\'{e}n\'{e}ralit\'{e}s, Descente pas morphismes fid\`{e}lement plats},
  author = {Grothendieck, A.},
  journal = {{S\'{e}minaire Bourbaki}},
  volume = {12},
  year = {1959--60},
  pages = {Talk no. 190},
}

@article{2,
  title = {Technique de descente et th\'{e}or\`{e}mes d'existence en g\'{e}om\'{e}trie alg\'{e}brique, II: Le th\'{e}or\`{e}me d'existence et th\'{e}orie formelle des modules},
  author = {Grothendieck, A.},
  journal = {{S\'{e}minaire Bourbaki}},
  volume = {12},
  year = {1959--60},
  pages = {Talk no. 195},
}

@article{3,
  title = {El\'{e}ments de g\'{e}om\'{e}trie alg\'{e}brique, I: Le langage de sch\'{e}mas},
  author = {Dieudonn\'{e}, J. and Grothendieck, A.},
  journal = {Publications math\'{e}matiques de l'Institut des Hautes Etudes Scientifiques},
  volume = {4},
  year = {1960},
}
