@article{1,
  title = {Le th\'{e}or\`{e}me de Riemann--Roch},
  author = {Borel, A. and Serre, J.-P.},
  journal = {Bull. Soc. math. France},
  volume = {86},
  year = {1958},
  pages = {97--136},
}

@article{2,
  title = {Technique de descente et th\'{e}or\`{e}mes d'existence en g\'{e}om\'{e}trie alg\'{e}brique, I, II, III},
  author = {Grothendieck, A.},
  journal = {{S\'{e}minaire Bourbaki}},
  volume = {12, 13},
  year = {1959--61},
  pages = {Talks no. 190, 195, and 212},
}

@book{3,
  title = {S\'{e}minaire de G\'{e}om\'{e}trie alg\'{e}brique, I, II, III, IV},
  author = {Grothendieck, A.},
  publisher = {Paris, Institut des Hautes \'{E}tudes Scientifiques},
  year = {1960--61},
}

@article{4,
  title = {Technique de construction en g\'{e}om\'{e}trie analytique, IV, V},
  author = {Grothendieck, A.},
  journal = {{S\'{e}minaire Cartan}},
  volume = {13},
  year = {1960--61},
  pages = {Talks no. 11 and 12},
}

@article{5,
  title = {El\'{e}ments de g\'{e}om\'{e}trie alg\'{e}brique, I, II, III, IV},
  author = {Grothendieck, A. and Dieudonn\'{e}, J.},
  journal = {Publications math\'{e}matiques de l'Institut des Hautes \'{E}tudes Scientifiques},
  note = {(to appear)},
}

@article{6,
  title = {Characteristic linear systems of complete continuous systems},
  author = {Kodaira, K.},
  journal = {Amer. J. of Math.},
  volume = {78},
  year = {1956},
  pages = {716--744},
}

@article{7,
  title = {Exemples de vari\'{e}t\'{e}s projectives en caract\'{e}ristique $p$ non relevables en caract\'{e}ristique $0$},
  author = {Serre, J.-P.},
  journal = {Proc. Nat. Acad. Sc. U.S.A.},
  volume = {47},
  year = {1961},
  pages = {108--109},
}

@article{8,
  title = {Sull'esistenza, sopra la superficie algebriche, di sistemi continui completi infiniti, la cui curva e a serie caratteristica incompleta},
  author = {Zappa, G.},
  journal = {Pont. Acad. Sc. Acta},
  volume = {9},
  year = {1945},
  pages = {91--93},
}
