@article{1,
  title = {Des groups $\operatorname{Ext}^s(A,B)$},
  author = {Cartier, P.},
  journal = {{S\'{e}minaire A. Grothendieck: Alg\`{e}bre homologique}},
  volume = {1},
  year = {1957},
  pages = {Talk no. 3},
}

@article{2,
  title = {Sur quelques points d'alg\`{e}bre homologique},
  author = {Grothendieck, A},
  journal = {Tohoku math. J.},
  volume = {9},
  year = {1957},
  pages = {119--221},
}

@article{3,
   title = {Faisceaux alg\'{e}briques coh\'{e}rents},
   author = {Serre, J.-P.},
   journal = {Annals of Math.},
   volume = {61},
   year = {1955},
   pages = {197--278},
}

@inproceedings{4,
   title = {Sur la dimension homologique des anneaux et des modules noeth\'{e}riens},
   booktitle = {Proc. Intern. Symp. on alg. number Theory [1955, Tokyo et Nikko]},
   author = {Serre, J.-P.},
   publisher = {Science Council of Japan, Tokyo},
   year = {1956},
   pages = {175--189},
}
