@article{1,
  title = {Sur quelques points d'alg\`{e}bre homologique},
  author = {Grothendieck, A},
  journal = {Tohoku math. J.},
  volume = {9},
  year = {1957},
  pages = {119--221},
}

@article{2,
  title = {G\'{e}om\'{e}trie formelle et g\'{e}om\'{e}trie alg\'{e}brique},
  author = {Grothendieck, A.},
  journal = {{S\'{e}minaire Bourbaki}},
  volume = {11},
  year = {1958--59},
  pages = {Talk no. 182},
}

@article{3,
  title = {Technique de descente et th\'{e}or\`{e}mes d'existence en g\'{e}om\'{e}trie alg\'{e}brique, I: G\'{e}n\'{e}ralit\'{e}s, Descente pas morphismes fid\`{e}lement plats},
  author = {Grothendieck, A.},
  journal = {{S\'{e}minaire Bourbaki}},
  volume = {12},
  year = {1959--60},
  pages = {Talk no. 190},
}

@article{4,
  title = {Corps locaux et isog\'{e}nies},
  author = {Serre, J.-P.},
  journal = {{S\'{e}minaire Bourbaki}},
  volume = {11},
  year = {1958--59},
  pages = {Talk no. 185},
}
