@article{1,
author = {Anderson, D.W.},
title = {Fibrations and geometric realizations},
journal = {Bull. Amer. Math. Soc.},
volume = {84},
year = {1978},
pages = {765--788},
}

@book{2,
author = {Artin, M. and Grothendieck, A. and Verdier, J.-L.},
title = {Th\'{e}orie des topos et cohomologie \'{e}tale des sch\'{e}mas (SGA 4)},
publisher = {Springer-Verlag},
year = {1972},
series = {Lecture Notes in Mathematics},
volume = {269, 270, 305},
}

@article{3,
author = {Brown, K.S.},
title = {Abstract homotopy theory and generalized sheaf cohomology},
journal = {Trans. Amer. Math. Soc.},
volume = {186},
year = {1974},
pages = {419--458},
}

@report{4,
author = {Ferrand, D.},
title = {On the non additivity of the trace in derived categories},
year = {2005},
eprint = {math/0506589},
eprinttype = {arxiv}
}

@book{5,
author = {Grothendieck, A.},
title = {Cohomologie $\ell$-adique et fonctions $L$ (SGA 5)},
publisher = {Springer-Verlag},
year = {1977},
series = {Lecture Notes in Mathematics},
volume = {589},
}

@report{6,
author = {Grothendieck, A.},
title = {Pursuing stacks},
journal = {Documents Math'{e}matiques},
editor = {Maltsiniotis, G.},
year = {1983},
}

@report{7,
author = {Grothendieck, A.},
title = {Pursuing stacks et correspondance},
journal = {Documents Math'{e}matiques},
editor = {K\"{u}nzer, M. and Maltsiniotis, G. and To\"{e}n, B.},
year = {1983},
}

@report{8,
author = {Grothendieck, A.},
title = {R\'{e}coltes et Semailles, T\'{e}moignage sur un pass\'{e} de math\'{e}maticien},
location = {Montpellier},
year = {1986},
}

@report{9,
author = {Grothendieck, A.},
title = {Les d\'{e}rivateurs},
editor = {K\"{u}nzer, M. and Maltsiniotis, G.},
year = {1990},
url = {https://webusers.imj-prg.fr/~georges.maltsiniotis/groth/Derivateurs.html},
}

@book{10,
author = {Quillen, D.G.},
title = {Homotopical algebra},
publisher = {Springer-Verlag},
year = {1979},
series = {Lecture Notes in Mathematics},
volume = {43},
}

@article{11,
author = {Renaudin, O.},
title = {Plongement de certaines th\'{e}ories homotopiques de Quillen dans les d\'{e}rivateurs},
journal = {J. Pure Appl. Algebra},
volume = {213},
year = {2009},
pages = {1916--1935},
}

@report{12,
author = {Verdier, J.-L.},
title = {Cat\'{e}gories deriv\'{e}es. Quelques r\'{e}sultats (\'{E}tat 0)},
year = {1963},
}

@book{13,
author = {Verdier, J.-L.},
title = {Des cat\'{e}gories deriv\'{e}es des cat\'{e}gories ab\'{e}liennes},
publisher = {Soc. Math. France},
volume = {239},
year = {1996},
}

@article{14,
author = {Weibel, C.},
title = {The mathematical enterprises of Robert Thomason},
journal = {Bull. Amer. Math. Soc.},
volume = {34},
year = {1997},
pages = {1--13},
}

@article{15,
author = {Weibel, C.},
title = {Homotopy ends and Thomason model categories},
journal = {Sel. math., New ser.},
volume = {7},
year = {2001},
pages = {533-564},
}
