@article{1,
  author = {Honda, T.},
  title = {Isogeny classes of abelian varieties over finite fields},
  journal = {J. Math. Soc. Jap.},
  volume = {20},
  year = {1968},
  pages = {83--95},
}

@book{2,
  author = {Ihara, Y.},
  title = {On congruence monodromy problems},
  volume = {1},
  publisher = {University of Tokyo},
  year = {1968},
}

@article{3,
  author = {Ihara, Y.},
  title = {The congruence monodromy problems},
  journal = {J. Math. Soc. Jap.},
  volume = {20},
  year = {1968},
  pages = {107--121},
}

@book{4,
  author = {Lubin, J. and Serre, J.-P. and Tate, J.},
  title = {Elliptic curves and formal groups},
  year = {1964},
  publisher = {Woods Hole Summer Institute},
}

@article{5,
  author = {Serre, J.-P.},
  title = {Groups $p$-divisibles (d'apr\`{e}s {{J.~Tate}})},
  journal = {S\'{e}minaire Bourbaki},
  volume = {10},
  issue = {318},
  year = {1966-67},
}

@article{6,
  author = {Tate, J.},
  title = {Classes d'isog\'{e}nies de vari\'{e}t\'{e}s ab\'{e}liennes sur un corps fini (d'apr\`{e}s {{T.~Honda}})},
  journal = {S\'{e}minaire Bourbaki},
  volume = {11},
  issue = {352},
  year = {1968-69},
}

@article{7,
  author = {Tate, J.},
  title = {Endomorphisms of abelian varieties over finite fields},
  journal = {Inventiones Math.},
  volume = {2},
  year = {1966},
  pages = {134--144},
}
