@article{1,
  title = {Modifikationen komplexer Mannigfaltigkeiten und Riemannscher Gebiete},
  author = {Behnke, H. and Stein, K.},
  journal = {Math. Ann.},
  volume = {124},
  year = {1951},
  pages = {1--16},
}

@inbook{2,
  title = {Quotients of complex spaces},
  author = {Cartan, H.},
  booktitle = {Contributions to Function Theory},
  publisher = {Tata Inst. Fund. Res. Bombay},
  year = {1960},
  pages = {1--16},
}

@book{3,
  title = {Homological Algebra},
  author = {Cartan, H. and Eilenberg, S.},
  publisher = {Princeton University Press},
  year = {1956},
}

@article{4,
  title = {On analytic surfaces with two independent meromorphic functions},
  author = {Chow, W.L. and Kodaira, K.},
  journal = {Proc. Nat. Acad. Sci. U.S.A.},
  volume = {38},
  year = {1952},
  pages = {319--325},
}

@article{5,
  title = {Cohomologie non ab\'{e}linne et espaces fib\'{e}s},
  author = {Frenkel, J.},
  journal = {Bull. soc. math. France},
  volume = {85},
  year = {1957},
  pages = {135--218},
}

@article{6,
  title = {On Levi's problem and the imbedding of real-analytic manifolds},
  author = {Grauert, H.},
  journal = {Ann. Math.},
  volume = {68},
  year = {1958},
  pages = {460--472},
}

@inbook{7,
  title = {On point modifications},
  author = {Grauert, H.},
  booktitle = {Contributions to Function Theory},
  publisher = {Tata Inst. Fund. Res. Bombay},
  year = {1960},
  pages = {139--142},
}

@article{8,
  title = {Ein Theorem der analytischen Garbentheorie und die Modulr\"{a}ume komplexer Strukturen},
  author = {Grauert, H.},
  journal = {Pub. Math.},
  volume = {5},
  year = {1960},
  pages = {233-292},
}

@article{9,
  title = {Plurisubharmonische Funktionen in komplexen R\"{a}umen},
  author = {Grauert, H. and Remmert, R.},
  journal = {Math. Z.},
  volume = {65},
  year = {1956},
  pages = {175--194},
}

@article{10,
  title = {Komplexe R\"{a}ume},
  author = {Grauert, H. and Remmert, R.},
  journal = {Math. Ann.},
  volume = {136},
  year = {1958},
  pages = {245--318},
}

@article{11,
  title = {Some problems on differentiable and complex manifolds},
  author = {Hirzebruch, F.},
  journal = {Math. Ann.},
  volume = {60},
  year = {1954},
  pages = {213--236},
}

@article{12,
  title = {Schlichte Abbildungen und lokale Modifikation 4-dimensionaler komplexer Mannigfaltigkeiten},
  author = {Hopf, H.},
  journal = {Comment. Math. Helv.},
  volume = {29},
  year = {1955},
  pages = {132--156},
}

@article{13,
  title = {On K\"{a}hler Varieties of restricted type},
  author = {Kodaira, K.},
  journal = {Ann. Math.},
  volume = {60},
  year = {1954},
  pages = {28--48},
}

@article{14,
  title = {On the covering of analytic loci by complexes},
  author = {Koopman, B.O. and Brown, A.B.},
  journal = {Trans. Am. Math. Soc.},
  volume = {34},
  year = {1931},
  pages = {231-251},
}

@article{15,
  title = {On complex analytic vector bundles},
  author = {Nakano, S.},
  journal = {J. Math. Soc. Japan},
  volume = {7},
  year = {1955},
  pages = {1--12},
}

@article{16,
  title = {The Levi problem for complex spaces},
  author = {Narasimhan, R.},
  journal = {Math. Ann.},
  volume = {142},
  year = {1961},
  pages = {355--365},
}

@article{17,
  title = {Sur les espaces analytiques holomorphiquement s\'{e}perables et holomorphiquement convexes},
  author = {Remmert, R.},
  journal = {C. R. Acad. Sci. (Paris)},
  volume = {243},
  year = {1956},
  pages = {118--121},
}

@article{18,
  title = {\"{U}ber die wesentlichen Singularit\"{a}ten analytischer Mengen},
  author = {Remmert, R. and Stein, K.},
  journal = {Math. Ann.},
  volume = {126},
  year = {1953},
  pages = {263--306},
}

@book{19,
  title = {Introduction \`{a} l'\'{e}tude des vari\'{e}t\'{e}s kaehleri\'{e}nnes},
  author = {Weil, A.},
  publisher = {Paris: Hermann},
  year = {1958},
}
