@incollection{1,
  title = {Analytic and {{Algebraic Dependence}} of {{Meromorphic Functions}}},
  booktitle = {Lec. {{Notes Math}}.234},
  author = {Andreotti, A. and Stoll, W.},
  date = {1971},
  publisher = {{Springer}},
  location = {{Berlin-Heidelberg-New York}}
}

@article{2,
  title = {Algebraization of Formal Moduli: {{II}}.{{Existence}} of Modifications},
  author = {Artin, M.},
  date = {1970},
  journaltitle = {Ann. Math.},
  volume = {91},
  pages = {88-135},
}

@article{3,
  title = {Le Compl\'{e}t\'{e} Formel d'un Espace Analytique Le Long d'un Sous-Espace: {{Un}} Th\'{e}or\`{e}me de Comparaison},
  author = {Banica, C.},
  date = {1972},
  journaltitle = {manuscripta math.},
  volume = {6},
  pages = {207--244},
}

@article{4,
  title = {Divisorenklassengruppen Der {{Komplettierungen}} Analytischer {{Algebren}}},
  author = {Bingener, J.},
  date = {1975},
  journaltitle = {Math. Ann.},
  volume = {217},
  pages = {113--120},
}

@article{5,
  title = {Schemata \"{u}ber Steinschen Algebren},
  author = {Bingener, J.},
  date = {1976},
  journaltitle = {Schriftenreihe des Mathematischen Instituts der Universit\"{a}t Münster},
  volume = {10},
}

@article{6,
  title = {Holomorph-Pr\"{a}vollst\"{a}ndige {{Restr\"{a}ume}} Zu Analytischen {{Mengen}} in {{Steinschen R\"{a}umen}}},
  author = {Bingener, J.},
  date = {1976},
  journaltitle = {J.f.d.r.u.a.M.},
  volume = {285}
}

@article{7,
  title = {\"{U}ber die {Divisorenklassengruppen} lokaler {Ringe}},
  author = {Bingener, J.},
  journal = {Math. Ann.},
}

@book{8,
  title = {Alg\`{e}bre commutative},
  author = {Bourbaki, N.},
  publisher = {Hermann},
  date = {1961--1967},
}

@article{9,
  title = {Die {{Monodromie}} Der Isolierten {{Singularitäten}} von {{Hyperflächen}}},
  author = {Brieskorn, E.},
  date = {1970},
  journaltitle = {manuscripta math.},
  volume = {2},
  pages = {103--161},
}

@book{10,
  title = {S\'{e}minaire 1960--61},
  author = {Cartan, H.},
}

@book{11,
  title = {Th\'{e}orie des faisceaux},
  author = {Godement, R.},
  publisher = {Hermann},
  date = {1964},
}

@article{12,
  title = {G\'{e}om\'{e}trie formelle et g\'{e}om\'{e}trie alg\'{e}brique},
  author = {Grothendieck, A.},
  journal = {S\'{e}minaire Bourbaki},
  volume = {11},
  issue = {182},
  date = {1958--59},
}

@book{13,
  title = {Cohomologie Locale Des Faisceaux Coh\'{e}rents et {{Th\'{e}or\`{e}mes}} de {{Lefschetz}} Locaux et Globaux ({{SGA}} 2)},
  author = {Grothendieck, A.},
  date = {1968},
  publisher = {{North-Holland Publishing Company}},
}

@book{14,
  title = {\'{E}l\'{e}ments de g\'{e}om\'{e}trie alg\'{e}brique},
  author = {Grothendieck, A. and Dieudonn\'{e}, J.},
  publisher = {Pub. Math. I.H.E.S.},
  volume = {4,8,11,17,20,24,28,32},
  date = {1960--1967},
}

@book{15,
  title = {{Topos Annel\'{e}s et Sch\'{e}mas Relativs}},
  author = {Hakim, M.},
  date = {1972},
  publisher = {{Springer}},
}

@book{16,
  title = {On the de {{Rham}} cohomology of algebraic varieties},
  author = {Hartshorne, R.},
  publisher = {Pub. Math. I.H.E.S.},
  volume = {45},
  date = {1975},
}

@article{17,
  title = {Duality and the {{De Rham Cohomology}} of {{Infinitesimal Neighborhoods}}},
  author = {Herrera, M. and Liebermann, D.},
  date = {1971},
  journaltitle = {Inventiones math.},
  volume = {13},
  pages = {97--124},
}

@article{18,
  title = {Resolution of Singularities of an Algebraic Variety over a Field of Characteristic Zero: {{I}},{{II}}},
  author = {Hironaka, H.},
  date = {1964},
  journaltitle = {Ann. Math.},
  volume = {79},
  pages = {109--326},
}

@article{19,
  title = {Flattening Theorem in Complex-Analytic Geometry},
  author = {Hironaka, H.},
  date = {1975},
  journaltitle = {American J. of Math.},
  volume = {97},
  pages = {503--547},
}

@article{20,
  title = {Formal Functions and Formal Embeddings},
  author = {Hironaka, H. and Matsumura, H.},
  date = {1968},
  journaltitle = {J. Math. Soc. Japan},
  volume = {20},
  pages = {52--82},
}

@article{21,
  title = {On the {{Equivalence}} of {{Embeddings}} of {{Exceptional Complex Spaces}}},
  author = {Hironaka, H. and Rossi, H.},
  date = {1964},
  journaltitle = {Math. Ann.},
  volume = {156},
  pages = {313--333},
}

@article{Kau1967,
  title = {Eine {{K\"{u}nnethformel}} F\"{u}r {{Fr\'{e}chetgarben}}},
  author = {Kaup, L.},
  date = {1967},
  journaltitle = {Math. Z.},
  volume = {97},
  pages = {158--168},
}
