@article{A1,
  author = {G. Anderson},
  title = {Torsion points on Fermat Jacobians, roots of circular units and relative singular homology},
  journal = {Duke Math. J.},
  volume = {53},
  year = {1986},
  pages = {457--502},
}

@article{A2,
  author = {G. Anderson},
  title = {The hyperadelic gamma function},
  journal = {Inv. Math.},
  volume = {95},
  year = {1989},
  pages = {63--131},
}

@article{B,
  author = {A.A. Beilinson},
  title = {Height pairing between algebraic cycles},
  journal = {Contemp. Math.},
  volume = {67},
  year = {1987},
  pages = {1--24},
}