@article{1,
  author = {Andreotti, A.},
  title = {Sopra le superficie che possegono transformazioni birazionali in se},
  journal = {Red. Mat. e Appl.},
  volume = {9},
  year = {1950},
  pages = {255--279},
}
