@article{1,
  author = {Deligne, P},
  title = {Th\'{e}orie de Hodge},
  journal = {Publ. Math. I.H.E.S.},
  volume = {40},
}
