\bibitem{1}
{Atiyah,~M. and Hirzebruch,~F.}
\newblock Analytic cycles on complex manifolds
\newblock {\em Topology} \textbf{1} (1962), 25--85.

\bibitem{2}
{Beilinson,~A.A.}
\newblock Higher regulators and values of $L$-functions.
\newblock {\em Current Problems in Mathematics} \textbf{24} (1984), 191--238.

\bibitem{3}
{Beilinson,~A.A., Bernstein,~J., and Deligne,~P.}
\newblock Faisceaux pervers.
\newblock {\em Ast\'{e}rique} \textbf{100} (1982).

\bibitem{4}
{Bloch,~S.}
\newblock Algebraic cycles and higher K-theory.
\newblock {\em Adv. in Math.} \textbf{61} (1986), 267--304.

\bibitem{5}
{Bloch,~S.}
\newblock Algebraic cycles and higher K-theory, A correction.
\newblock Preprint (1989).

\bibitem{6}
{Borovoi,~M.}
\newblock Langlands conjecture concerning conjugation of connected Shimura varieties.
\newblock {\em Selecta Math. Soviet.} \textbf{31} (1983--84), 3--59.

\bibitem{7}
{Brylinski,~J.L.}
\newblock $1$-motifs et formes automorphes, in: {\em Journ\'{e}es SMF de Dijon (1981)}.
\newblock {Publ. Math. de l'Univ. de Paris~VII} \textbf{15} (1981), 43--106.

\bibitem{8}
{Deligne,~P.}
\newblock Th\'{e}or\`{e}mes de Lefschetz et crit\`{e}res de d\'{e}g\'{e}n\'{e}rescence de suites spectrales.
\newblock {\em Inst. Hautes \'{E}tudes Sci. Publ. Math.} \textbf{35} (1968), 107--126.

\bibitem{9}
{Deligne,~P.}
\newblock Th\'{e}orie de Hodge III.
\newblock {\em Inst. Hautes \'{E}tudes Sci. Publ. Math.} \textbf{44} (1974), 5-77.

\bibitem{10}
{Deligne,~P.}
\newblock Vari\'{e}t\'{e}s de Shimura: Interpr\'{e}tation modulaire et techniques de construction de mod\`{e}les canoniques.
\newblock {\em Proc. Sympos. Pure Math.} \textbf{33} (1979), 247--290.

\bibitem{11}
{Deligne,~P. (notes by Brylinski,~J.L.).}
\newblock Cycles de Hodge absolus et p\'{e}riodes des int\'{e}grales des vari\'{e}t\'{e}s ab\'{e}liennes.
\newblock {\em M\'{e}moires de la Soc. Math. France} \textbf{2} (1980), 23--33.

\bibitem{12}
{Deligne,~P. (notes by Milne,~J.).}
\newblock Hodge cycles on abelian varieties.
\newblock {\em SLN} \textbf{900} (1982), 9--100.

\bibitem{13}
{Deligne,~P.}
\newblock Motifs et groupe de Taniyama
\newblock {\em SLN} \textbf{900} (19), 261--279.

\bibitem{14}
{Deligne,~P.}
\newblock Le groupe fondamental de la droite projective moins trois points, in: {\em Galois groups over $\mathbb{Q}$}.
\newblock MSRI publications no.~\textbf{16}, 1989, 79--297.

\bibitem{15}
{Deligne,~P.}
\newblock Cat\'{e}gories tannakiennes, in: {\em Grothendieck Festschrift}, vol.~\textbf{2}
\newblock Birkha\"{u}ser, 1990, 111--195.

\bibitem{16}
{Deligne,~P. and Milne,~J.}
\newblock Tannakian categories.
\newblock {\em SLN} \textbf{900} (1982), 101--228.

\bibitem{17}
{Griffiths,~P.A.}
\newblock Periods of integrals on algebraic manifolds, II.
\newblock {\em Amer. J. Math.} \textbf{90} (1968), 805--865.

\bibitem{18}
{Griffiths,~P.A.}
\newblock Periods of integrals on algebraic manifolds: Summary of main results and discussion of open problems.
\newblock {\em Bull. Amer. Math. Soc.} \textbf{76} (1970), 228--296.

\bibitem{19}
{Grothendieck,~A.}
\newblock Standard conjectures on algebraic cycles, in: {\em Bombay Coll. on Algebraic Geometry (1968)}.
\newblock Oxford, 1969, 193--199.

\bibitem{20}
{Kleiman,~S.L.}
\newblock Algebraic cycles and the Weil conjectures, in: {\em Dix Expos\'{e}s sur la Th\'{e}orie des Sch\'{e}mas}.
\newblock Adv. Stud. Pure Math. \textbf{3}, 1968, 359--386.

\bibitem{21}
{Kodaira,~K. and Spencer,~D.C.}
\newblock Divisor classes on algebraic varieties.
\newblock {\em Proc. Nat. Acad. Sci.} \textbf{39} (1953), 872--877.

\bibitem{22}
{Kriz,~I. and May,~P.}
\newblock An addendum to ``Notes towards Block--Deligne motives''.
\newblock Preprint (1991).

\bibitem{23}
{Langlands,~R.P. and Rapoport,~M.}
\newblock Shimura Variet\"{a}ten und Gerben.
\newblock {\em Crelle} \textbf{378} (1987), 113--220.

\bibitem{24}
{Lefschetz,~S.}
\newblock L'Analysis Situs et la G\'{e}om\'{e}trie Alg\'{e}brique, in: {\em Selected Papers}.
\newblock Chelsea, 1924.

\bibitem{25}
{Matsumoto,~H.}
\newblock Sur les sous-groupes arithm\'{e}tiques des groupes semi-simples d\'{e}ploy\'{e}s.
\newblock {\em Ann. Sci. \'{E}cole Norm. Sup.} \textbf{2} (1969), 1--62.

\bibitem{26}
{May,~P.}
\newblock Notes toward Bloch--Deligne motives.
\newblock Preprint (1991).

\bibitem{27}
{Merkurjev,~A.S. and Suslin,~A.A.}
\newblock K-cohomology of Severi--Brauer varieties and the norm residue homomorphisms.
\newblock {\em Izv. Akad. Sci. URSS} \textbf{46} (1968), 1011-1046.
\newblock (English translation: {\em Math. USSR Izv.} \textbf{21} (1983), 307--340).

\bibitem{28}
{Saavedra,~N.}
\newblock Cat\'{e}gories Tannakiennes.
\newblock Springer--Verlag, Lecture Notes in Math. \textbf{265}, 1972.

\bibitem{29}
{Saito, Morihiko}
\newblock Mixed Hodge Modules.
\newblock {\em Res. Inst. Math. Sci.} (1987).

\bibitem{30}
{Steenbrink,~J. and Zucker,~S.}
\newblock Variations of Mixed Hodge Structures, I and II.
\newblock {\em Invent. Math.} \textbf{80} (1985), 489--542 and 543--565.

\bibitem{31}
{Weil,~A.}
\newblock Crit\`{e}res d'\'{e}quivalence en g\'{e}om\'{e}trie alg\'{e}brique.
\newblock {\em Math. Ann.} \textbf{128} (1954), 95--127.

\bibitem{32}
{Zucker,~S.}
\newblock The Hodge conjecture for cubic fourfolds.
\newblock {\em Comp. Math.} \textbf{34} (1977), 199--209.

\bibitem[SGA]{SGA}
{\em S\'{e}minaire de G\'{e}om\'{e}trie Alg\'{e}brique du Bois-Marie}, directed by {\sc Grothendieck,~A.}

\bibitem[SGA1]{SGA1}
{\em Rev\^{e}tements \'{e}tales et groupe fondamental.}
\newblock Springer--Verlag, Lecture Notes in Math. \textbf{224}, 1971.
