@report{1,
  author = {Chevalley, C.},
  title = {Fondements de la {{G\'{e}om\'{e}trie}} alg\'{e}brique},
  publisher = {Paris, Secr\'{e}tariat math\'{e}matique},
  year = {1958},
}
