@article{1,
  author = {Borel, A. and Serre, J.-P.},
  title = {Le th\'{e}or\`{e}m de {{Riemann-Roch}}},
  journal = {Bull. Soc. math. France},
  volume = {86},
  year = {1958},
  pages = {97--136},
}

@article{2,
  author = {Grothendieck, A.},
  title = {La th\'{e}orie des classes de {{Chern}}},
  journal = {Bull. Soc. math. France},
  volume = {86},
  year = {1958},
  pages = {137--154},
}

@book{3,
  title = {S\'{e}minaire Cartan-Chevalley: G\'{e}om\'{e}trie alg\'{e}brique},
  volume = {8},
  year = {1955-56},
}


% \bibitem{3}
% {S\'{e}minaire Cartan-Chevalley:}
% \newblock G\'{e}om\'{e}trie alg\'{e}brique.
% \newblock {\em Volume}~\textbf{8} (1955/56).

% \bibitem{4}
% {S\'{e}minaire Chevalley:}
% \newblock Classification des groupes de Lie alg\'{e}brique.
% \newblock {\em Volume}~\textbf{1} (1958).