@article{1,
  author = {Cartan, H.},
  title = {Vari\'{e}t\'{e}s alg\'{e}briques affines},
  journal = {S\'{e}minaire Cartan-Chevalley},
  volume = {8},
  year = {1955-56},
  pages = {Talk no. 3},
}

@book{2,
  author = {Godement, R.},
  title = {Topologie alg\'{e}brique et th\'{e}orie des faisceaux},
  publisher = {Hermann},
  series = {Act. scient. et ind.},
  volume = {1252},
  year = {1958},
}

@article{3,
  author = {Krull, W.},
  title = {Jacobsonsche Rings, Hilbertscher Nullstellensatz, Dimensionstheorie},
  journal = {Math. Z.},
  volume = {54},
  year = {1951},
  pages = {354--387},
}

@article{4,
  author = {Serre, J.-P.},
  title = {Faisceaux alg\'{e}briques coh\'{e}rents},
  journal = {Ann. Math.},
  volume = {61},
  year = {1955},
  pages = {197--279},
}
