@article{1,
  author = {Cartier, P.},
  title = {Diviseurs et d\'{e}rivations en g\'{e}om\'{e}trie alg\'{e}brique},
  journal = {Bull. Soc. math. France},
  year = {1958},
}

@report{2,
  author = {Chevalley, C.},
  title = {Fondements de la {{G\'{e}om\'{e}trie}} alg\'{e}brique},
  publisher = {Paris, Secr\'{e}tariat math\'{e}matique},
  year = {1958},
  note = {Class taught at the Sorbonne in 1957--58},
}

\bibitem{3}
{Godement, R.}
\newblock Propri\'{e}t\'{e}s analytiques des localit\'{e}s
\newblock In {\em S\'{e}minarie Cartan-Chevalley}, vol.~\textbf{8}, 1955--56.
\newblock (Talk number 19).

\bibitem{4}
{Grothendieck, A.}
\newblock Sur les faisceaux alg\'{e}briques et les faisceaux analytiques
coh\'{e}rents.
\newblock In {\em S\'{e}minaire H. Cartan}, vol.~\textbf{9}.
\newblock (Talk number 2).

\bibitem{5}
{Serre, J.-P.}
\newblock Faisceaux alg\'{e}briques coh\'{e}rents.
\newblock {\em Ann. Math.} \textbf{61} (1955), 197--279.

\bibitem{6}
{Serre, J.-P.}
\newblock Sur la cohomologie des vari\'{e}t\'{e}s alg\'{e}briques.
\newblock {\em J. Math. pures et appl.} \textbf{36} (1957), 1--16.

\bibitem{7}
{Weil, A.}
\newblock Fibre spaces in algebraic geometry
\newblock (Notes taken by A. Wallace, 1952)
\newblock Chicago, University of Chicago, 1955.
