@report{1,
  author = {Cartan, H.},
  title = {Un th\'{e}or\`{e}me de finitude},
  journal = {S\'{e}minaire H. Cartan},
  volume = {6},
  year = {1953-54},
  pages = {Talk no. 17},
}

@article{2,
  author = {Kodaira, K. and Spencer, D.},
  title = {On deformation of complex analytic structures, {{I}}},
  journal = {Annals of Math.},
  volume = {67},
  year = {1958},
  pages = {328--401},
}
