@article{1,
  author = {Serre, J.-P.},
  title = {Faisceaux alg\'{e}briques coh\'{e}rents},
  journal = {Annals of Mathematics},
  volume = {61},
  year = {1955},
  pages = {197--278},
}

@article{2,
  author = {Serre, J.-P.},
  title = {G\'{e}om\'{e}trie alg\'{e}brique et g\'{e}om\'{e}trie analytique},
  journal = {Annales de l'Institut Fourier},
  volume = {6},
  year = {1955-56},
  pages = {1--42},
}

@article{3,
  author = {Serre, J.-P.},
  title = {Sur la cohomologie des vari\'{e}t\'{e}s alg\'{e}briques},
  journal = {Journal de Math. p. et appl.},
  year = {1957},
}
