@book{1,
  author = {Grothendieck, A.},
  title = {A general theory of fibre spaces with structure sheaf},
  publisher = {University of Kansas, Department of Mathematics},
  year = {1955},
}

@article{2,
  author = {Haefliger, A.},
  title = {Structures feuillet\'{e}es et cohomologie \`{a} valeur dans un faisceau de groupo\"{i}des},
  journal = {Commont. Math. Helvet.},
  volume = {32},
  year = {1957-58},
  pages = {248--239},
}

@article{3,
  author = {Kodaira, K. and Spencer, D.},
  title = {On deformation of complex analytic structures, {{I}}},
  journal = {Annals of Math.},
  volume = {67},
  year = {1958},
  pages = {328--401},
}

@article{4,
  author = {Kodaira, K. and Nirenberg, L. and Spencer, D.C.},
  title = {On the existence of deformations of complex analytic structures},
  journal = {Annals of Math.},
  volume = {68},
  year = {1958},
  pages = {450--459},
}

@article{5,
  author = {Kuranishi, M.},
  title = {On the locally complete families of complex analytic structures},
  journal = {Annals of Math.},
  volume = {75},
  year = {1962},
  pages = {536--577},
}
