@report{1,
  author = {Douady, A.},
  title = {Vari\'{e}t\'{e}s et espaces mixtes},
  journal = {S\'{e}minaire H. Cartan},
  volume = {13(1)},
  year = {1960-61},
  pages = {Talk no. 2},
}

@article{2,
  author = {Kodaira, K. and Spencer, D.},
  title = {On deformation of complex analytic structures, {{I}}},
  journal = {Annals of Math.},
  volume = {67},
  year = {1958},
  pages = {328--401},
}
