@book{1,
  title = {Alg\`{e}bre multilin\'{e}aire},
  author = {Bourbaki, N.},
  publisher = {Hermann},
  series = {Actualites Scientifiques et Industrielles},
  number = {1044},
  year = {1958},
}

@book{2,
  title = {Int\'{e}gration},
  author = {Bourbaki, N.},
  publisher = {Hermann},
  series = {Actualites Scientifiques et Industrielles},
  number = {1175},
  year = {1965},
}

@article{3,
  title = {La dualit\'{e} dans les espaces $\mathscr{F}$ et $\mathscr{DF}$},
  author = {Dieudonn\'{e}, J. and Schwartz, L.},
  journal = {Annales de Grenoble},
  volume = {1},
  year = {1949},
  pages = {61--101},
}

@article{4,
  title = {Les fonctionnelles lin\'{e}aires sur l'ensemble des op\'{e}rateurs born\'{e}s d'un espace de Hilbert},
  author = {Dixmier, J.},
  journal = {Annals of Math.},
  volume = {51},
  year = {1950},
  pages = {387--408},
}

@book{PTT,
  title = {Produits tensoriels topologiques et espaces nucl\'{e}aires},
  author = {Grothendieck, A.},
  publisher = {Memoirs of the Amer. Math. Soc.},
  number = {16},
  year = {1955},
  isbn = {978-0-8218-1216-7},
}

@article{6,
  title = {Sur les espaces $\mathscr{F}$ et $\mathscr{DF}$},
  author = {Grothendieck, A.},
  journal = {Summa Brasiliensis Mathematicae},
  volume = {3},
  year = {1954},
  pages = {57--123},
}

@article{7,
  title = {{Die Stufenr\"{a}ume, eine einfache klasse linearer vollkommener R\"{a}ume}},
  author = {K\"{o}the, G.},
  journal = {Math. Zeitschrift},
  volume = {51},
  year = {1948},
  pages = {317--345},
}

@book{8,
  title = {A theory of cross-spaces},
  author = {Schatten, R.},
  publisher = {Princeton University Press},
  year = {1950},
}

@book{9,
  title = {Th\'{e}orie des distributions, t. 1 and 2},
  author = {Schwartz, L.},
  publisher = {Hermann},
  series = {Actualites Scientifiques et Industrielles},
  number = {1091 and 1122},
  year = {1950 and 1951},
}
