% Citations from the paper

@article{1,
  shorthand = {1},
  sortkey = {1},
  author = {Bénabou, J.},
  title = {Catégories avec multiplication},
  journal = {C. R. Acad. Sc.},
  volume = {256},
  year = {1963},
  pages = {1887},
  keywords = {orig},
}

@book{2,
  shorthand = {2},
  sortkey = {2},
  author = {Grothendieck, A. and Dieudonné, J.},
  title = {Éléments de Géométrie Algébrique, III},
  publisher = {Institut des Hautes Études Scientifiques},
  year = {1961},
  keywords = {orig},
}

@article{3a,
  shorthand = {3a},
  sortkey = {3a},
  author = {Ehresmann, C.},
  title = {Espèces de structures locales. Élargissements de catégories.},
  journal = {Séminaire de Topologie et Géométrie différentielle},
  volume = {3},
  year = {1961},
  note = {First section: translation of ``Gattungen von lokalen Strukturen''. \textit{Jahres. der Deutschen Math. Vereinigung} 61 (1957).},
  keywords = {orig},
}

@incollection{3b,
  shorthand = {3b},
  sortkey = {3b},
  author = {Ehresmann, C.},
  title = {Catégories topologiques et catégories différentiables},
  booktitle = {Colloque de Géométrie différentielle globale},
  publisher = {C.B.R.M.},
  year = {1959},
  pages = {137},
  keywords = {orig},
}

@article{3c,
  shorthand = {3c},
  sortkey = {3c},
  author = {Ehresmann, C.},
  title = {Catégories inductives et pseudogroups},
  journal = {Ann. Inst. Fourier},
  volume = {10},
  year = {1960},
  pages = {307},
  keywords = {orig},
}

@article{3d,
  shorthand = {3d},
  sortkey = {3d},
  author = {Ehresmann, C.},
  title = {Catégorie des foncteurs types},
  journal = {Revista Unión Mate. Argentina},
  volume = {20},
  year = {1960},
  pages = {194},
  keywords = {orig},
}

@article{3e,
  shorthand = {3e},
  sortkey = {3e},
  author = {Ehresmann, C.},
  journal = {C. R. Acad. Sc.},
  volume = {256},
  year = {1963},
  pages = {1198, 1891, 2080, 2280, 5031},
  keywords = {orig},
}

@article{4,
  shorthand = {4},
  sortkey = {4},
  author = {Hilton, P.J.},
  title = {Note on free and direct products in general categories},
  journal = {Bull. Soc. Math. Belgique},
  volume = {13},
  year = {1961},
  keywords = {orig},
}

@book{5,
  shorthand = {5},
  sortkey = {5},
  author = {Kurosch, A.G. and Liwschitz, A. CH. and Schulgeifer, E.G. and Zalenko, M.S.},
  title = {Zur Theorie der Kategorien},
  publisher = {Verlag Wissenschaften},
  year = {1963},
  keywords = {orig},
}

@incollection{6,
  shorthand = {6},
  sortkey = {6},
  author = {Cantor, G.},
  title = {Mitteilungen zur Lehre vom Transfiniten},
  booktitle = {Gesammelte Abhandlungen},
  year = {1932},
  pages = {423},
  keywords = {orig},
}


% Citations to the collected works

@book{coll,
  shorthand = {Œ},
  sortkey = {coll000},
  title = {Charles Ehresmann: Œuvres complètes et commentées},
  volume = {III-1},
  publisher = {Amiens},
  year = {1980},
  url = {https://mes-ehres.fr/ChEh/oeuvres.htm},
  keywords = {coll},
}

@article{coll47,
  shorthand = {Œ47},
  sortkey = {coll047a},
  title = {{{Gattungen von lokalen Strukturen}}},
  journal = {Jahresbericht der Deutsche Mathematiker-Vereinigung},
  volume = {60},
  year = {1957},
  pages = {49-97},
  url = {https://eudml.org/doc/146434},
  keywords = {coll},
}

@article{coll47b,
  shorthand = {Œ47b},
  sortkey = {coll047b},
  title = {Espèces de structures locales},
  journal = {Séminaire Ehresmann. Topologie et géométrie différentielle},
  volume = {3},
  year = {1961},
  pages = {1--24},
  url = {http://www.numdam.org/item/?id=SE_1960-1962__3__A4_0},
  addendum = {(Originally appeared in German as \cite{coll47})},
  keywords = {coll},
}

@article{coll55,
  shorthand = {Œ55},
  sortkey = {coll055},
  title = {Élargissements de catégories},
  journal = {Séminaire Ehresmann. Topologie et géométrie différentielle},
  volume = {3},
  year = {1961},
  pages = {25--73},
  url = {http://www.numdam.org/item/?id=SE_1960-1962__3__A5_0},
  keywords = {coll},
}

@article{coll61,
  shorthand = {Œ61},
  sortkey = {coll061},
  title = {{{Structures quotients et catégories quotient}}},
  journal = {Comp. Rend. Acad. Sci. Paris},
  volume = {256},
  year = {1963},
  pages = {5031--5034},
  keywords = {coll},
}

@article{coll66,
  shorthand = {Œ66},
  sortkey = {coll066},
  title = {Structures quotient},
  journal = {Commentarii Mathematici Helvetici},
  volume = {38},
  year = {1963},
  pages = {219--283},
  doi = {10.5169/seals-29443},
  keywords = {coll},
}

@article{coll69,
  shorthand = {Œ69},
  sortkey = {coll069},
  title = {{{Sous-structures et catégories ordonnées}}},
  journal = {Fund. Math.},
  volume = {LIV},
  year = {1964},
  pages = {211-228},
  keywords = {coll},
}

@article{coll28,
  shorthand = {Œ28},
  sortkey = {coll028},
  title = {{{Les connexions infinitésimales dans un espace fibré différentiable}}},
  journal = {Coll. de Topo.},
  year = {1950},
  pages = {29--55},
  keywords = {coll},
}

@article{coll39,
  shorthand = {Œ39},
  sortkey = {coll039},
  title = {{{Structures locales}}},
  journal = {Ann. di Mat.},
  year = {1954},
  pages = {133--142},
  keywords = {coll},
}

@article{coll50,
  shorthand = {Œ50},
  sortkey = {coll050},
  title = {{{Catégories topologiques et catégories différentiables}}},
  journal = {Coll. Géom. Diff. Globale},
  year = {1959},
  pages = {137--150},
  keywords = {coll},
}

@article{coll53,
  shorthand = {Œ53},
  sortkey = {coll053},
  title = {{{Catégories inductives et pseduogroupes}}},
  journal = {Ann. Inst. Fourier},
  volume = {X},
  year = {1960},
  pages = {307--336},
  keywords = {coll},
}

@article{coll59,
  shorthand = {Œ59},
  sortkey = {coll059},
  title = {{{Catégories structurées d'opérateurs}}},
  journal = {Comp. Rend. Acad. Sci. Paris},
  volume = {256},
  year = {1963},
  pages = {2080--2083},
  keywords = {coll},
}

@article{coll60,
  shorthand = {Œ60},
  sortkey = {coll060},
  title = {{{Sous-structures et applications $\mathcal{K}$-covariantes}}},
  journal = {Comp. Rend. Acad. Sci. Paris},
  volume = {256},
  year = {1963},
  pages = {2280--2283},
  keywords = {coll},
}

@article{coll70,
  shorthand = {Œ70},
  sortkey = {coll070},
  title = {{{Produit croisé de catégories}}},
  journal = {Comp. Rend. Acad. Sci. Paris},
  volume = {258},
  year = {1964},
  pages = {2461--2464},
  keywords = {coll},
}

@article{coll75,
  shorthand = {Œ75},
  sortkey = {coll075},
  title = {{{Catégories ordonnées, holonomie et cohomologie}}},
  journal = {Ann. Inst. Fourier},
  volume = {XIV},
  number = {1},
  year = {1964},
  pages = {205--268},
  keywords = {coll},
}

@article{coll77,
  shorthand = {Œ77},
  sortkey = {coll077},
  title = {{{Catégories et Structures. Extraits}}},
  journal = {Cahiers Top. Géom. Diff.},
  volume = {VI},
  year = {1964},
  pages = {1--31},
  keywords = {coll},
}

@article{coll89,
  shorthand = {Œ89},
  sortkey = {coll089},
  title = {{{Quasi-élargissement d'un système de structures structuré}}},
  journal = {Comp. Rend. Acad. Sci. Paris},
  volume = {263},
  year = {1966},
  pages = {762--765},
  keywords = {coll},
}

@article{coll90,
  shorthand = {Œ90},
  sortkey = {coll090},
  title = {{{1er théorème d'expansion structurée}}},
  journal = {Comp. Rend. Acad. Sci. Paris},
  volume = {263},
  year = {1966},
  pages = {863--866},
  keywords = {coll},
}

@article{coll95,
  shorthand = {Œ95},
  sortkey = {coll095},
  title = {{{2e théorème d'expansion structurée}}},
  journal = {Comp. Rend. Acad. Sci. Paris},
  volume = {264},
  year = {1967},
  pages = {5--8},
  keywords = {coll},
}

@article{coll96,
  shorthand = {Œ96},
  sortkey = {coll096},
  title = {{{Théorème de quasi-expansion régulière}}},
  journal = {Comp. Rend. Acad. Sci. Paris},
  volume = {264},
  year = {1967},
  pages = {56--59},
  keywords = {coll},
}

@article{coll100,
  shorthand = {Œ100},
  sortkey = {coll100},
  title = {{{Structures quasi-quotients}}},
  journal = {Math. Ann.},
  volume = {171},
  year = {1967},
  pages = {293--363},
  keywords = {coll},
}

@article{coll104,
  shorthand = {Œ104},
  sortkey = {coll104},
  title = {{{Catégories structurées généralisées}}},
  journal = {Cahiers Top. Géom. Diff.},
  volume = {X},
  number = {1},
  year = {1968},
  pages = {139--168},
  keywords = {coll},
}

@article{coll106,
  shorthand = {Œ106},
  sortkey = {coll106},
  title = {{{Esquisses et types de structures algébriques}}},
  journal = {Bul. Inst. Polit. Iasi},
  volume = {XIV},
  year = {1968},
  pages = {1--14},
  keywords = {coll},
}

@article{coll109,
  shorthand = {Œ109},
  sortkey = {coll109},
  author = {Ehresmann, C. and Ehresmann, A.},
  title = {{{Catégories de foncteurs structurés}}},
  journal = {Cahiers Top. Géom. Diff.},
  volume = {XI},
  number = {3},
  year = {1969},
  pages = {329--383},
  keywords = {coll},
}

@article{coll110,
  shorthand = {Œ110},
  sortkey = {coll110},
  title = {{{Elargissement complet d'un foncteur local}}},
  journal = {Cahiers Top. Géom. Diff.},
  volume = {XI},
  number = {4},
  year = {1969},
  pages = {405--420},
  keywords = {coll},
}

@article{coll117,
  shorthand = {Œ117},
  sortkey = {coll117},
  author = {Ehresmann, C. and Ehresmann, A.},
  title = {{{Multiple functors, I: Limits relative to double categories}}},
  journal = {Cahiers Top. Géom. Diff.},
  volume = {XV},
  number = {3},
  year = {1974},
  pages = {215--292},
  keywords = {coll},
}

@article{coll119,
  shorthand = {Œ119},
  sortkey = {coll119},
  author = {Ehresmann, C. and Ehresmann, A.},
  title = {{{Multiple functors, II: The monoidal closed category of multiple categories}}},
  journal = {Cahiers Top. Géom. Diff.},
  volume = {XIX},
  number = {3},
  year = {1978},
  pages = {295--334},
  keywords = {coll},
}

@article{coll120,
  shorthand = {Œ120},
  sortkey = {coll120},
  author = {Ehresmann, C. and Ehresmann, A.},
  title = {{{Multiple functors, III: The cartesian closed category $\mathrm{Cat}_n$}}},
  journal = {Cahiers Top. Géom. Diff.},
  volume = {XIX},
  number = {4},
  year = {1978},
  pages = {387--444},
  keywords = {coll},
}

@article{coll121,
  shorthand = {Œ121},
  sortkey = {coll121},
  author = {Ehresmann, C. and Ehresmann, A.},
  title = {{{Multiple functors, IV: Monoidal closed structures on $\mathrm{Cat}_n$}}},
  journal = {Cahiers Top. Géom. Diff.},
  volume = {XX},
  number = {1},
  year = {1979},
  pages = {59--104},
  keywords = {coll},
}

@book{coll122,
  shorthand = {Œ122},
  sortkey = {coll122},
  title = {{{Catégories et structures}}},
  publisher = {Dunod},
  year = {1965},
  keywords = {coll},
}

@article{coll46,
  shorthand = {Œ46},
  sortkey = {coll046},
  title = {{{Sur les connexions d'order supérieur}}},
  journal = {Atti V Cong. Un. Mat. Italiana},
  year = {1956},
  pages = {326--328},
  keywords = {coll},
}

@article{coll52,
  shorthand = {Œ52},
  sortkey = {coll052},
  title = {{{Catégorie des foncteurs types}}},
  journal = {Rev. Un. Mat. Argentina},
  volume = {XX},
  year = {1960},
  pages = {194--209},
  keywords = {coll},
}

@article{coll57,
  shorthand = {Œ57},
  sortkey = {coll057},
  title = {{{Catégories doubles et catégories structurées}}},
  journal = {Comp. Rend. Acad. Sci. Paris},
  volume = {256},
  year = {1963},
  pages = {1198--1201},
  keywords = {coll},
}

@article{coll64,
  shorthand = {Œ64},
  sortkey = {coll064},
  title = {{{Quintettes et applications covariantes}}},
  journal = {Cahiers Top. Géom. Diff.},
  volume = {V},
  year = {1963},
  pages = {1--22},
  keywords = {coll},
}

@article{coll78,
  shorthand = {Œ78},
  sortkey = {coll078},
  title = {{{Prolongements des catégories différentiables}}},
  journal = {Cahiers Top. Géom. Diff.},
  volume = {VI},
  year = {1964},
  pages = {1--8},
  keywords = {coll},
}

@article{coll86,
  shorthand = {Œ86},
  sortkey = {coll086},
  title = {{{Guide des catégories ordonnées}}},
  journal = {Cahiers Top. Géom. Diff.},
  volume = {VII},
  year = {1965},
  pages = {43--49},
  keywords = {coll},
}

@article{coll92,
  shorthand = {Œ92},
  sortkey = {coll092},
  title = {{{Catégories topologiques I, II, III}}},
  journal = {Indig. Math.},
  volume = {28},
  number = {1},
  year = {1966},
  pages = {133-175},
  keywords = {coll},
}

@article{coll93,
  shorthand = {Œ93},
  sortkey = {coll093},
  title = {{{On the definition of structured categories}}},
  journal = {Technical Report (Univ. of Kansas)},
  volume = {10},
  year = {1966},
  keywords = {coll},
}

@article{coll101,
  shorthand = {Œ101},
  sortkey = {coll101},
  title = {{{Propriétés infinitésimales des catégories différentiables}}},
  journal = {Cahiers Top. Géom. Diff.},
  volume = {IX},
  number = {1},
  year = {1967},
  pages = {1--9},
  keywords = {coll},
}

@article{coll102,
  shorthand = {Œ102},
  sortkey = {coll102},
  title = {{{Sur l'existence de structures libres et de foncteurs adjoints}}},
  journal = {Cahiers Top. Géom. Diff.},
  volume = {IX},
  year = {1967},
  pages = {33--180},
  keywords = {coll},
}

@article{coll103,
  shorthand = {Œ103},
  sortkey = {coll103},
  title = {{{Sur les catégories différentiables}}},
  journal = {Atti Conv. Int. Geom. Diff.},
  year = {1967},
  pages = {31--40},
  keywords = {coll},
}

@article{coll105,
  shorthand = {Œ105},
  sortkey = {coll105},
  title = {{{Catégories structurées et catégories différentiables}}},
  journal = {Revue Roumaine Math. Pures et Appl.},
  volume = {7},
  number = {XIII},
  year = {1968},
  pages = {967--977},
  keywords = {coll},
}

@article{coll107,
  shorthand = {Œ107},
  sortkey = {coll107},
  title = {{{Prolongements universels d'un foncteur par adjonction de limites}}},
  journal = {Dissertationes Math.},
  volume = {LXIV},
  year = {1969},
  pages = {1--72},
  keywords = {coll},
}

@article{coll113,
  shorthand = {Œ113},
  sortkey = {coll113},
  author = {Ehresmann, C. and Ehresmann, A.},
  title = {{{Etude des catégories dans un catégorie}}},
  journal = {Univ. Paris VII},
  year = {1972},
  pages = {1--45},
  keywords = {coll},
}

@article{coll115,
  shorthand = {Œ115},
  sortkey = {coll115},
  author = {Ehresmann, C. and Ehresmann, A.},
  title = {{{Categories of sketched structures}}},
  journal = {Cahiers Top. Géom. Diff.},
  volume = {XIII},
  number = {2},
  year = {1972},
  pages = {105--214},
  keywords = {coll},
}

@article{coll116,
  shorthand = {Œ116},
  sortkey = {coll116},
  title = {{{Categories in differential Geometry, Résumés Coll. Amiens}}},
  journal = {Cahiers Top. Géom. Diff.},
  volume = {XIV},
  number = {2},
  year = {1973},
  pages = {175--177},
  keywords = {coll},
}



% Citations from the comments in the collected works

@article{comm1,
  shorthand = {C1},
  sortkey = {comm01},
  author = {Adamek, J. and Herrlich, H. and Strecker, G.E.},
  title = {The structure of initial completions},
  journal = {Cahiers Top. Géom. Diff.},
  volume = {XX},
  number = {4},
  year = {1979},
  pages = {333--352},
  keywords = {comm},
}

@article{comm3,
  shorthand = {C3},
  sortkey = {comm03},
  author = {Bednarz, N.},
  title = {{{Noyaux d'espèces de structures. Applications covariantes topologiques}}},
  journal = {Cahiers Top. Géom. Diff.},
  volume = {XI},
  number = {4},
  year = {1969},
  pages = {387--404},
  keywords = {comm},
}

@article{comm4,
  shorthand = {C4},
  sortkey = {comm04},
  author = {Bénabou, J.},
  title = {Catégories avec multiplication},
  journal = {Comp. Rend. Acad. Sci. Paris},
  volume = {256},
  year = {1963},
  pages = {1887--1890},
  keywords = {comm},
}

@article{comm5,
  shorthand = {C5},
  sortkey = {comm05},
  author = {Bénabou, J.},
  title = {Critères de représentabilité des foncteurs},
  journal = {Comp. Rend. Acad. Sci. Paris},
  volume = {260},
  year = {1965},
  pages = {752},
  keywords = {comm},
}

@inbook{comm6,
  shorthand = {C6},
  sortkey = {comm06},
  author = {Bénabou, J.},
  title = {{{Introduction to bicategories}}},
  publisher = {Springer},
  series = {Lecture Notes in Mathematics},
  number = {47},
  year = {1967},
  pages = {1--77},
  keywords = {comm},
}

@article{comm7,
  shorthand = {C7},
  sortkey = {comm07},
  author = {Bénabou, J.},
  title = {Les distributeurs},
  journal = {Séminaire de Mathématique Pure et Appliquée, Université Catholique de Louvain},
  volume = {33},
  year = {1973},
  keywords = {comm},
}

@article{comm8,
  shorthand = {C8},
  sortkey = {comm08},
  author = {Bénabou, J.},
  title = {{{Fibrations petites et localement petites}}},
  journal = {Comp. Rend. Acad. Sci. Paris},
  volume = {281},
  year = {1975},
  pages = {831},
  keywords = {comm},
}

@book{comm10,
  shorthand = {C10},
  sortkey = {comm10},
  author = {Bernays, P. and Fraenkel, A.A.},
  title = {{{Axiomatic set Theory}}},
  year = {1958},
  keywords = {comm},
}

@article{comm13,
  shorthand = {C13},
  sortkey = {comm13},
  author = {Bourn, D.},
  title = {{{Triples structurés}}},
  journal = {Cahiers Top. Géom. Diff.},
  volume = {XIII},
  number = {4},
  year = {1972},
  pages = {327-350},
  keywords = {comm},
}

@article{comm14,
  shorthand = {C14},
  sortkey = {comm14},
  author = {Bourn, D.},
  title = {{{Natural anadeses and catadeses}}},
  journal = {Cahiers Top. Géom. Diff.},
  volume = {XIV},
  number = {4},
  year = {1973},
  pages = {371--416},
  keywords = {comm},
}

@article{comm16,
  shorthand = {C16},
  sortkey = {comm16},
  author = {Brown, R. and Spencer, C.B.},
  title = {{{Double groupoids and crossed modules}}},
  journal = {Cahiers Top. Géom. Diff.},
  volume = {XVII},
  number = {4},
  year = {1976},
  pages = {343--362},
  keywords = {comm},
}

@thesis{comm19,
  shorthand = {C19},
  sortkey = {comm19},
  author = {Celeyrette, J.},
  title = {{{Fibrations et extensions de Kan}}},
  institution = {Univ. Paris-Nord},
  year = {1974},
  keywords = {comm},
}

@article{comm20,
  shorthand = {C20},
  sortkey = {comm20},
  author = {Chamaillard, D.},
  title = {{{Catégories structurées par une catégorie non associative}}},
  journal = {Esquisses Mathématiques},
  volume = {6},
  year = {1970},
  keywords = {comm},
}

@article{comm22,
  shorthand = {C22},
  sortkey = {comm22},
  author = {Conduché, F.},
  title = {{{Un moyen d'extension aux catégories internes dans $A$ des propriétés de la catégories $A$}}},
  journal = {Cahiers Top. Géom. Diff.},
  volume = {XV},
  number = {1},
  year = {1974},
  pages = {47--60},
  keywords = {comm},
}

@article{comm26,
  shorthand = {C26},
  sortkey = {comm26},
  author = {Diaconescu, R.},
  title = {{{Change of base for topos with generators}}},
  journal = {J. Pure Appl. Algebra},
  volume = {6},
  year = {1975},
  pages = {191--218},
  keywords = {comm},
}

@article{comm27,
  shorthand = {C27},
  sortkey = {comm27},
  author = {Dubuc, E.J.},
  title = {{{Sur les modèles de la géométrie différentielle synthétique}}},
  journal = {Cahiers Top. Géom. Diff.},
  volume = {XX},
  number = {3},
  year = {1979},
  pages = {231--280},
  keywords = {comm},
}

@thesis{comm28,
  shorthand = {C28},
  sortkey = {comm28},
  author = {Ehresmann (Bastiani), A.},
  title = {{{Différentiabilité dans les espaces localement convexes: distructures}}},
  institution = {Univ. Paris},
  year = {1962},
  keywords = {comm},
}

@book{comm29,
  shorthand = {C29},
  sortkey = {comm29},
  author = {Ehresmann, A.},
  title = {{{Systèmes guidables et problèmes d'optimisation}}},
  publisher = {Laboratoire d'automatique théorique (Caen)},
  year = {1963},
  keywords = {comm},
}

@inproceedings{comm31,
  shorthand = {C31},
  sortkey = {comm31},
  author = {Eilenberg, S. and Kelly, G.M.},
  title = {{{Closed categories}}},
  booktitle= {Proc. Conf. on Categorical Algebra},
  booksubtitle = {La Jolla 1965},
  publisher = {Springer},
  year = {1966},
  pages = {421--562},
  keywords = {comm},
}

@article{comm32,
  shorthand = {C32},
  sortkey = {comm32},
  author = {Eilenberg, S. and MacLane, S.},
  title = {{{General theory of natural equivalences}}},
  journal = {Trans. Amer. Math. Soc.},
  volume = {58},
  year = {1945},
  pages = {231--294},
  keywords = {comm},
}

@article{comm33,
  shorthand = {C33},
  sortkey = {comm33},
  author = {Foltz, F.},
  title = {{{Sur la domination des catégories}}},
  journal = {Cahiers Top. Géom. Diff.},
  volume = {XII},
  year = {1971},
  keywords = {comm},
}

@inproceedings{comm38,
  shorthand = {C38},
  sortkey = {comm38},
  author = {Gray, J.W.},
  title = {{{Fibred and cofibred categories}}},
  booktitle= {Proc. Conf. on Categorical Algebra},
  booksubtitle = {La Jolla 1965},
  publisher = {Springer},
  year = {1966},
  pages = {21--83},
  keywords = {comm},
}

@book{comm39,
  shorthand = {C39},
  sortkey = {comm39},
  author = {Gray, J.W.},
  title = {{{The meeting of the Midwest Category Seminar}}},
  publisher = {Springer},
  series = {Lecture Notes in Mathematics},
  number = {195},
  year = {1971},
  keywords = {comm},
}

@book{comm40,
  shorthand = {C40},
  sortkey = {comm40},
  author = {Gray, J.W.},
  title = {{{Formal category theory}}},
  publisher = {Springer},
  series = {Lecture Notes in Mathematics},
  number = {391},
  year = {1974},
  keywords = {comm},
}

@article{comm42,
  shorthand = {C42},
  sortkey = {comm42},
  author = {Grothendieck, A.},
  title = {{{Techniques de descente et théorèmes d'existence en Géométrie algébrique}}},
  journal = {Séminaire Bourbaki},
  year = {1959},
  keywords = {comm},
}

@article{comm43,
  shorthand = {C43},
  sortkey = {comm43},
  author = {Grothendieck, A.},
  title = {{{Catégories fibrées et descente}}},
  journal = {Séminaire Géom. Alg. IHES},
  volume = {4},
  year = {1961},
  keywords = {comm},
}

@article{comm55,
  shorthand = {C55},
  sortkey = {comm55},
  author = {Houdebine, J.},
  title = {{{Classes et ensembles}}},
  journal = {Cahiers Top. Géom. Diff.},
  volume = {VI},
  year = {1964},
  keywords = {comm},
}

@book{comm56,
  shorthand = {C56},
  sortkey = {comm56},
  author = {Johnstone, P.},
  title = {{{Topos Theory}}},
  publisher = {Acad. Press},
  year = {1977},
  keywords = {comm},
}

@article{comm57,
  shorthand = {C57},
  sortkey = {comm57},
  author = {Joubert, G.},
  title = {{{Contribution à l'étude des catégories ordonnées. Applications aux structures feuilletées}}},
  journal = {Cahiers Top. Géom. Diff.},
  volume = {VIII},
  year = {1966},
  keywords = {comm},
}

@article{comm58,
  shorthand = {C58},
  sortkey = {comm58},
  author = {Kan, D.M.},
  title = {{{Adjoint functors}}},
  journal = {Trans. Amer. Math. Soc.},
  volume = {294},
  year = {1958},
  pages = {294--329},
  keywords = {comm},
}

@inbook{comm59,
  shorthand = {C59},
  sortkey = {comm59},
  author = {Kelly, G.M. and Street, R.},
  title = {{{Review of the elements for 2-categories}}},
  publisher = {Springer},
  series = {Lecture Notes in Mathematics},
  number = {420},
  year = {1974},
  pages = {75--130},
  keywords = {comm},
}

@thesis{comm60,
  shorthand = {C60},
  sortkey = {comm60},
  author = {Kempf, A.-M.},
  title = {{{Complétions de foncteurs. Fibrations.}}},
  institution = {Univ. Paris VII},
  year = {1976},
  keywords = {comm},
}

@report{comm61,
  shorthand = {C61},
  sortkey = {comm61},
  author = {Kock, A.},
  title = {{{Formal manifolds and synthetic theory of jet bundles}}},
  institution = {Aarhus Univ.},
  year = {1979},
  keywords = {comm},
}

@article{comm63,
  shorthand = {C63},
  sortkey = {comm63},
  author = {Langbaum, J.B.},
  title = {{{Quasi-quotients et application aux catégories structurées}}},
  journal = {Esquisses Math.},
  volume = {22},
  year = {1975},
  keywords = {comm},
}

@article{comm64,
  shorthand = {C64},
  sortkey = {comm64},
  author = {Lawvere, F.W.},
  title = {{{An elementary theory of the category of sets}}},
  journal = {Proceedings of the National Academy of Science of the U.S.A},
  volume = {52},
  year = {1964},
  pages = {1506--1511},
  keywords = {comm},
}

@report{comm65,
  shorthand = {C65},
  sortkey = {comm65},
  author = {Lawvere, F.W.},
  title = {{{Teoria delle categorie sopra un topos di base}}},
  institution = {Univ. Perugia},
  year = {1973},
  keywords = {comm},
}

@article{comm66,
  shorthand = {C66},
  sortkey = {comm66},
  author = {Leblond, M.-C.},
  title = {{{Complétions de foncteurs ordonnés et de foncteurs doubles}}},
  journal = {Esquisses Math.},
  volume = {15},
  year = {1972},
  keywords = {comm},
}

@article{comm67,
  shorthand = {C67},
  sortkey = {comm67},
  author = {Legrand, S.},
  title = {{{Transformations naturelles généralisées}}},
  journal = {Cahiers Top. Géom. Diff.},
  volume = {X},
  number = {3},
  year = {1968},
  pages = {351},
  keywords = {comm},
}

@thesis{comm68,
  shorthand = {C68},
  sortkey = {comm68},
  author = {Legrand, S.},
  title = {{{Quelques problèmes universels relatifs aux catégories multiples}}},
  institution = {Univ. Paris},
  year = {1969},
  keywords = {comm},
}

@article{comm69,
  shorthand = {C69},
  sortkey = {comm69},
  author = {Lellahi, K.},
  title = {{{Catégories préadditives structurées}}},
  journal = {Cahiers Top. Géom. Diff.},
  volume = {XII},
  number = {2},
  year = {1971},
  pages = {187},
  keywords = {comm},
}

@article{comm71,
  shorthand = {C71},
  sortkey = {comm71},
  author = {MacLane, S.},
  title = {{{Natural associativity and commutativity}}},
  journal = {Rice Univer. Studies},
  volume = {49},
  number = {4},
  year = {1963},
  pages = {28--46},
  keywords = {comm},
}

@article{comm75,
  shorthand = {C75},
  sortkey = {comm75},
  author = {MacLane, S.},
  title = {{{Topos Theory by Peter Johnstone}}},
  journal = {Bull. Amer. Math. Soc.},
  volume = {I},
  number = {6},
  year = {1979},
  pages = {1005},
  keywords = {comm},
}

@thesis{comm78,
  shorthand = {C78},
  sortkey = {comm78},
  author = {Moreau, G.},
  title = {{{Catégories doubles à isomorphismes près}}},
  institution = {Univ. Paris VII},
  year = {1975},
  keywords = {comm},
}

@article{comm80,
  shorthand = {C80},
  sortkey = {comm80},
  author = {Qué, N.V.},
  title = {{{Du prolongement des espaces fibrés et des structures infinitésimales}}},
  journal = {Ann. Inst. Fourier},
  volume = {XVII},
  number = {1},
  year = {1967},
  pages = {157--224},
  keywords = {comm},
}

@inbook{comm82,
  shorthand = {C82},
  sortkey = {comm82},
  author = {Paré, R. and Schumacher, D.},
  title = {{{Abstract families and the adjoint functor theorem}}},
  publisher = {Springer},
  series = {Lecture Notes in Mathematics},
  number = {661},
  year = {1978},
  pages = {201--210},
  keywords = {comm},
}

@article{comm83,
  shorthand = {C83},
  sortkey = {comm83},
  author = {Penon, J.},
  title = {{{Catégories à sommes commutables}}},
  journal = {Cahiers Top. Géom. Diff.},
  volume = {XIV},
  number = {3},
  year = {1973},
  pages = {227--290},
  keywords = {comm},
}

@article{comm85a,
  shorthand = {C85a},
  sortkey = {comm85a},
  author = {Pradines, J.},
  journal = {Comp. Rend. Acad. Sci. Paris},
  volume = {263},
  year = {1966},
  pages = {907},
  keywords = {comm},
}

@article{comm85b,
  shorthand = {C85b},
  sortkey = {comm85b},
  author = {Pradines, J.},
  journal = {Comp. Rend. Acad. Sci. Paris},
  volume = {264},
  year = {1967},
  pages = {245},
  keywords = {comm},
}

@article{comm85c,
  shorthand = {C85c},
  sortkey = {comm85c},
  author = {Pradines, J.},
  journal = {Comp. Rend. Acad. Sci. Paris},
  volume = {266},
  year = {1968},
  pages = {1194},
  keywords = {comm},
}

@article{comm85d,
  shorthand = {C85d},
  sortkey = {comm85d},
  author = {Pradines, J.},
  journal = {Comp. Rend. Acad. Sci. Paris},
  volume = {267},
  year = {1968},
  pages = {21},
  keywords = {comm},
}

@book{comm87,
  shorthand = {C87},
  sortkey = {comm87},
  author = {Quine, W.V.O.},
  title = {{{Set theory and its logic}}},
  publisher = {Harvard Univ. Press},
  year = {1963},
  keywords = {comm},
}

@article{comm92,
  shorthand = {C92},
  sortkey = {comm92},
  author = {Street, R.},
  title = {{{Limits indexed by category-valued 2-functors}}},
  journal = {J. Pure Appl. Algebra},
  volume = {8},
  number = {2},
  year = {1976},
  pages = {149--181},
  keywords = {comm},
}

@article{comm97,
  shorthand = {C97},
  sortkey = {comm97},
  author = {Vaugelade, E.},
  title = {{{Application des bicatégories à l'étude des catégories internes}}},
  journal = {Esquisses Math.},
  volume = {21},
  year = {1975},
  keywords = {comm},
}
