@book{coll,
  shorthand = {OC},
  sortname = {1},
  title = {Charles Ehresmann: œuvres complètes et commentées},
  volume = {III-1},
  publisher = {Amiens},
  year = {1980},
  url = {https://mes-ehres.fr/ChEh/oeuvres.htm},
}

@article{47a,
  shorthand = {47a},
  sortname = {a},
  author = {Ehresmann, C.},
  title = {{{Gattungen von lokalen Strukturen}}},
  journal = {Jahresbericht der Deutsche Mathematiker-Vereinigung},
  volume = {60},
  year = {1957},
  pages = {49-97},
  url = {https://eudml.org/doc/146434},
}

@article{47b,
  shorthand = {47b},
  sortname = {b},
  author = {Ehresmann, C.},
  title = {Espèces de structures locales},
  journal = {Séminaire Ehresmann. Topologie et géométrie différentielle},
  volume = {3},
  year = {1961},
  pages = {1--24},
  url = {http://www.numdam.org/item/?id=SE_1960-1962__3__A4_0},
  addendum = {(Originally appeared in German as \cite{47a})},
}

@article{50,
  shorthand = {50},
  sortname = {c},
  author = {Ehresmann, C.},
  title = {Catégories topologiques et catégories différentiables},
  journal = {Colloque de Géométrie différentielle globale, Bruxelles, Centre Belge de Recherches Mathématiques},
  year = {1959},
  pages = {137--150},
}

@article{52,
  shorthand = {52},
  sortname = {d},
  author = {Ehresmann, C.},
  title = {Catégorie des foncteurs types},
  journal = {Revista de la Unión Matemática Argentina},
  volume = {20},
  year = {1960},
  pages = {194--209},
}

@article{55,
  shorthand = {55},
  sortname = {e},
  author = {Ehresmann, C.},
  title = {Élargissements de catégories},
  journal = {Séminaire Ehresmann. Topologie et géométrie différentielle},
  volume = {3},
  year = {1961},
  pages = {25--73},
  url = {http://www.numdam.org/item/?id=SE_1960-1962__3__A5_0},
}

@article{63,
  shorthand = {63},
  sortname = {f},
  author = {Ehresmann, C.},
  title = {Catégories structurées},
  journal = {Annales scientifiques de l'École normale supérieure},
  volume = {80},
  year = {1963},
  pages = {349--426},
  doi = {10.24033/asens.1125},
}

@article{66,
  shorthand = {66},
  sortname = {g},
  author = {Ehresmann, C.},
  title = {Structures quotient},
  journal = {Commentarii Mathematici Helvetici},
  volume = {38},
  year = {1963},
  pages = {219--283},
  doi = {10.5169/seals-29443},
}

@article{69,
  shorthand = {69},
  sortname = {h},
  author = {Ehresmann, C.},
  title = {Sous-structures et catégories ordonnées},
  journal = {Fundamenta Mathematicae},
  volume = {54},
  year = {1964},
  pages = {211--228},
  url = {https://eudml.org/doc/213757},
}

@article{73,
  shorthand = {73},
  sortname = {i},
  author = {Ehresmann, C.},
  title = {Cohomologie sur une catégorie},
  journal = {Comptes rendus de l'Académie des Sciences},
  volume = {259},
  year = {1964},
  pages = {1683--1686},
}

@book{122,
  shorthand = {122},
  sortname = {j},
  author = {Ehresmann, C.},
  title = {Catégories et structures},
  publisher = {Dunod},
  year = {1965},
}
