@book{Ba,
  shorthand = {Ba},
  sortname = {Ba},
  title = {Relational algebras},
  author = {Barr, M.},
  series = {Lecture Notes in Mathematics},
  number = {137},
  publisher = {Springer},
  year = {1969},
}

@book{Be,
  shorthand = {Be},
  sortname = {Be},
  title = {Introduction to bicategories},
  author = {Benabou, J.},
  series = {Lecture Notes in Mathematics},
  number = {47},
  publisher = {Springer},
  year = {1967},
}

@article{Bu,
  shorthand = {Bu},
  sortname = {Bu},
  title = {Esquisse des catégories à limites et des quasi-topologies},
  author = {Burroni, A.},
  journal = {Esquisses Mathématiques},
  volume = {5},
  year = {1970}
}

@article{Eh,
  shorthand = {Eh},
  sortname = {Eh},
  title = {Catégories structurées généralisées},
  author = {Ehresmann, C.},
  journal = {Cahiers Top. et Géom. dif.},
  volume = {X},
  year = {1968}
}

@book{La,
  shorthand = {La},
  sortname = {La},
  title = {Deductive systems and categories},
  author = {Lambek, J.},
  series = {Lecture Notes in Mathematics},
  number = {86},
  publisher = {Springer},
  year = {1969},
}

@book{Ma,
  shorthand = {Ma},
  sortname = {Ma},
  title = {A triple theoretic construction},
  author = {Manes, E.},
  series = {Lecture Notes in Mathematics},
  number = {80},
  publisher = {Springer},
  year = {1969},
}
