@article{1,
  title = {Complex analytic connections in fibre bundles},
  author = {Atiyah, M},
  journal = {Trans. Amer. math. Soc},
  volume = {85},
  year = {1957},
  pages = {181--207},
}

@article{2,
  title = {On the characteristic classes of complex sphere bundles and algebraic varieties},
  author = {Chern, Shung-Shen},
  journal = {Amer. J. Math.},
  volume = {75},
  year = {1953},
  pages = {565--597},
}

@article{3,
   title = {Th\'{e}or\`{e}me de dualit\'{e} four les faisceaux alg\'{e}briques coh\'{e}rents},
   author = {Grothendieck, Alexander},
   journal = {S\'eminaire Bourbaki},
   volume = {9},
   year = {1956--1957},
}

@article{4,
   title = {Classification des groupes de {Lie}},
   author = {{S\'eminaire Claude Chevalley}},
   volume = {1},
   year = {1956--1958},
}
