@article{1,
  title = {Complex analytic connections in fibre bundles},
  author = {Michael Atiyah},
  journal = {Trans. Amer. math. Soc},
  volume = {85},
  year = {1957},
  pages = {181--207},
}

@article{2,
  title = {On the characteristic classes of complex sphere bundles and algebraic varieties},
  author = {Shung-Shen Chern},
  journal = {Amer. J. Math.},
  volume = {75},
  year = {1953},
  pages = {565--597},
}
